% Encoding: UTF-8

@Report{ladyada2018,
  author      = {{Lady Ada}},
  title       = {{Micro SD Card Breakout Board Tutorial}},
  type        = {Bericht},
  institution = {Adafruit Industries},
  year        = {2018},
  date        = {2018-09-17},
  url         = {https://cdn-learn.adafruit.com/downloads/pdf/adafruit-micro-sd-breakout-board-card-tutorial.pdf?timestamp=1543256513},
  urldate     = {2018-11-28},
}

@Online{AmazonAnemometer,
  author  = {Amazon},
  title   = {{Ersatz Sensor Windgeschwindigkeit f√ºr Froggit WH1080 WH3080 WH1090}},
  year    = {keine Angabe},
  url     = {https://www.amazon.de/Ersatz-Sensor-Windgeschwindigkeit-Froggit-WH1080/dp/B00GGM5HEA/ref=pd_rhf_eetyp_p_img_1?_encoding=UTF8&psc=1&refRID=4R5P7RRF8H7RC3A4KAHQ},
  urldate = {2018-11-30},
}

@Misc{arduinoMega,
  author  = {Arduino},
  title   = {{Arduino Mega 2560 Datasheet}},
  year    = {keine Angabe},
  type    = {techreport},
  url     = {https://www.robotshop.com/media/files/pdf/arduinomega2560datasheet.pdf},
  urldate = {2018-11-30},
}

@Comment{jabref-meta: databaseType:biblatex;}

% Encoding: UTF-8
